@article{exoplanets,
    author = {{Mayor}, Michel and {Queloz}, Didier},
     title = "{A Jupiter-mass companion to a solar-type star}",
   journal = {Nature},
      year = 1995,
     month = nov,
    volume = {378},
    number = {6555},
     pages = {355-359},
       doi = {10.1038/378355a0},
    adsurl = {https://ui.adsabs.harvard.edu/abs/1995Natur.378..355M},
   adsnote = {Provided by the SAO/NASA Astrophysics Data System}
}

@article{Li_2008,
	doi = {10.1038/nature06854},
  
	url = {https://doi.org/10.1038%2Fnature06854},
  
	year = 2008,
	month = {apr},
  
	publisher = {Springer Science and Business Media {LLC}},
  
	volume = {452},
  
	number = {7187},
  
	pages = {610--612},
  
	author = {Chih-Hao Li and Andrew J. Benedick and Peter Fendel and Alexander G. Glenday and Franz X. KÃ¤rtner and David F. Phillips and Dimitar Sasselov and Andrew Szentgyorgyi and Ronald L. Walsworth},
  
	title = {A laser frequency comb that enables radial velocity measurements with a precision of 1{\hspace{0.167em}}cm{\hspace{0.167em}}s-1},
  
	journal = {Nature}
}

@misc{bo,
  doi = {10.48550/ARXIV.1807.02811},
  
  url = {https://arxiv.org/abs/1807.02811},
  
  author = {Frazier, Peter I.},
  
  keywords = {Machine Learning (stat.ML), Machine Learning (cs.LG), Optimization and Control (math.OC), FOS: Computer and information sciences, FOS: Computer and information sciences, FOS: Mathematics, FOS: Mathematics},
  
  title = {A Tutorial on Bayesian Optimization},
  
  publisher = {arXiv},
  
  year = {2018},
  
  copyright = {arXiv.org perpetual, non-exclusive license}
}

@INPROCEEDINGS{Interferometer,
       author = {{Buscher}, David F. and {Boysen}, Roger C. and {Dace}, Roger and {Fisher}, Martin and {Haniff}, Christopher A. and {Seneta}, Eugene B. and {Sun}, Xiaowei and {Wilson}, Donald M.~A. and {Young}, John S.},
        title = "{Design and testing of an innovative delay line for the MROI}",
    booktitle = {Society of Photo-Optical Instrumentation Engineers (SPIE) Conference Series},
         year = 2006,
       editor = {{Monnier}, John D. and {Sch{\"o}ller}, Markus and {Danchi}, William C.},
       series = {Society of Photo-Optical Instrumentation Engineers (SPIE) Conference Series},
       volume = {6268},
        month = jun,
          eid = {62682I},
        pages = {62682I},
          doi = {10.1117/12.671915},
       adsurl = {https://ui.adsabs.harvard.edu/abs/2006SPIE.6268E..2IB},
      adsnote = {Provided by the SAO/NASA Astrophysics Data System}
}

@misc{bo_impl,
  title = "Bayesian Optmization Implementation for Python using scikit-learn",
  author = "fmfn",
  url = "https://github.com/fmfn/BayesianOptimization"
}

@misc{scikit,
  title = "Scikit-learn for Python",
  author = {David Cournapeau et al., The scikit-learn development team.},
  url = {http://scikit-learn.org}
}

